@ARTICLE{5075983, 
  author={Hull, Giulia and Zaitseva, N.P. and Cherepy, N.J. and Newby, J.R. and Stoeffl, Wolfgang and Payne, S.A.}, 
  journal={Nuclear Science, IEEE Transactions on}, 
  title={New Organic Crystals for Pulse Shape Discrimination}, 
  year={2009}, 
  volume={56}, 
  number={3}, 
  pages={899-903}, 
  keywords={neutron detection;position sensitive particle detectors;pulse shaping;scintillation counters;1,1,4,4-tetraphenyl-1,3-butadiene;anthracene;fast neutron detection;fissile material;gamma radiation background;highly-enriched uranium;neutron detectors;nuclear weapons;organic crystal scintillator;plutonium;pulse shape discrimination;stilbene;Crystalline materials;Crystals;Gamma ray detection;Gamma ray detectors;Gamma rays;Neutrons;Nuclear weapons;Pulse shaping methods;Radiation detectors;Shape;Neutron detectors;scintillation detectors}, 
  doi={10.1109/TNS.2009.2015944}, 
  ISSN={0018-9499},}
},
@book{stacey_nuclear_2001,
    title = {Nuclear Reactor Physics},
      publisher = {Wiley},
        author = {Stacey, {W.M.}},
          year = {2001}
}
@book{XSDRNPM_2011,
	year = {2011},
	author = {Greene, N and  Petrie, L and Williams, M},
	title =  {XSDRNPM: A One-Dimensional Discrete-Ordinates Code for Transprot Analysis},
	publisher = {Reactor and Nuclear Systems Division, ORNL},
	address = {Oak Ridge, TN},
},
@book{NITAWL_2011,
	year = {2011},
	author = {Greene, N and Petrie, L and Westfall, R },
	title =  {NITAWL: Scale System Module for Performing Resonance Sheilding and Working Library Production},
	publisher = {Reactor and Nuclear Systems Division, ORNL},
	address = {Oak Ridge, TN},
},
@article{carel_w.e_inorganic-scintillator_2001,
	title = {Inorganic-scintillator development},
	volume = {460},
	issn = {0168-9002},
	shorttitle = {Inorganic-scintillator development},
	url = {http://www.sciencedirect.com/science/article/pii/S0168900200010883},
	doi = {10.1016/s0168-9002(00)01088-3},
	number = {1},
	journal = {Nuclear Instruments and Methods in Physics Research Section A: Accelerators, Spectrometers, Detectors and Associated Equipment},
	author = {Carel {W.E}, van Eijk},
	year = {2001},
	keywords = {Inorganic scintillators Gamma-ray scintillators Thermal-neutron scintillators},
	pages = {1--14}
},

@phdthesis{rakes_evaluating_????,
	title = {Evaluating the response of Polyvinyl Toluenece scintillators used in Portal Detectors},
	url = {http://www.dtic.mil/cgi-bin/GetTRDoc?AD=ADA483290},
	school = {{AFIT}},
	author = {Rakes, Kelly}
},

@article{shores_contact_????,
	title = {Contact Dose Equivalent Rates from Common Neutron Sources},
	url = {http://www.osti.gov/bridge/servlets/purl/764059-TMdiMv/webviewable/764059.pdf},
	urldate = {2012-08-24},
	journal = {{LA-UR-00-3092}},
	author = {Shores, Erik}
},

@misc{nist_neutron_2012,
	title = {Neutron scattering lengths and cross sections},
	url = {http://www.ncnr.nist.gov/resources/n-lengths/},
	urldate = {2012-04-06},
	author = {{NIST} and {NCNR}},
	year = {2012},
	howpublished = {http://www.ncnr.nist.gov/resources/n-lengths/},
	file = {Neutron scattering lengths and cross sections:C:\Users\murffer\AppData\Roaming\Zotero\Zotero\Profiles\xbghceg3.default\zotero\storage\TARIGN9D\n-lengths.html:text/html}
},

@misc{SG_PlasticScint_2008,
	title={Premium Plastic Scintillators},
	url = {http://www.detectors.saint-gobain.com/uploadedFiles/SGdetectors/Documents/Product_Data_Sheets/BC400-404-408-412-416-Data-Sheet.pdf},
	author = {Saint Gobain},
	year = {2008}
},

@article{sen_thermal_2011,
	title = {Thermal Neutron Scintillator Detectors Based on Poly (2-Vinylnaphthalene) Composite Films},
	volume = {58},
	issn = {0018-9499},
	shorttitle = {Thermal Neutron Scintillator Detectors Based on Poly (2-Vinylnaphthalene) Composite Films},
	number = {3},
	journal = {Nuclear Science, {IEEE} Transactions on},
	author = {Sen, I. and Penumadu, D. and Williamson, M. and MillRigger, L. F. and Green, A. D. and Mabe, A. N.},
	year = {2011},
	keywords = {neutron detection;detectors; {6Li-loaded;} plastic scintillation film;  poly-2-vinylnaphthalene composite film;},
	pages = {1386--1393}
},

@article{mantero_pixe_2011,
	title = {{PIXE} simulation in Geant4},
	volume = {40},
	issn = {1097-4539},
	url = {http://dx.doi.org/10.1002/xrs.1301},
	doi = {10.1002/xrs.1301},
	number = {3},
	journal = {X-Ray Spectrometry},
	author = {Mantero, A. and Ben Abdelouahed, H. and Champion, C. and El Bitar, Z. and Francis, Z. and Gu√®ye, P. and Incerti, S. and Ivanchenko, V. and Maire, M.},
	year = {2011},
	pages = {135--140}
},

@article{kouzes_boron-lined_2012,
	title = {Boron-Lined Straw-Tube Neutron Detector Test},
	shorttitle = {Boron-Line Straw Tube Neutron Detector Test},
	urldate = {2012-11-02},
	journal = {{PNNL} 19600},
	author = {Kouzes, {RT} and Ely, {JH} and Stromswold, {DC}},
	year = {2012},
	file = {Proportional Tech Neutron Detector Test August 7 2010 PNNL-19600.pdf:C:\Users\murffer\AppData\Roaming\Zotero\Zotero\Profiles\xbghceg3.default\zotero\storage\WZAMG8NM\Proportional Tech Neutron Detector Test August 7 2010 PNNL-19600.pdf:application/pdf}
},

@misc{urffer_ej_2012,
	title = {{EJ} 426 {HD} Material Compostion},
	author = {Urffer, Matthew},
	month = jul,
	year = {2012}
},

@article{riggi_introducing_2011,
	title = {Introducing third-year undergraduates to {GEANT4} simulations of light transport and collection in scintillation materials},
	volume = {32},
	issn = {0143-0807, 1361-6404},
	url = {http://stacks.iop.org/0143-0807/32/i=2/a=006?key=crossref.cb521413299429dcb0736fbbab45008c},
	doi = {10.1088/0143-0807/32/2/006},
	number = {2},
	urldate = {2012-11-19},
	journal = {European Journal of Physics},
	author = {Riggi, Simone and La Rocca, Paola and Riggi, Francesco},
	month = mar,
	year = {2011},
	pages = {329--341}
},

@book{knoll_radiation_2009,
	address = {New York},
	title = {Radiation Detection and Measurement},
	shorttitle = {Radiation Detection and Measurement},
	publisher = {Wiley},
	author = {Knoll, Glenn F},
	year = {2009}
},

@article{elder_nuclear_2009,
	title = {Nuclear heat for hydrogen production: Coupling a very high/high temperature reactor to a hydrogen production plant},
	volume = {51},
	issn = {0149-1970},
	url = {http://www.sciencedirect.com/science/article/pii/S0149197008001376},
	doi = {10.1016/j.pnucene.2008.11.001},
	number = {3},
	journal = {Progress in Nuclear Energy},
	author = {Elder, Rachael and Allen, Ray},
	month = apr,
	year = {2009},
	keywords = {Coupling, Hydrogen, Nuclear hydrogen production, {VHTR}},
	pages = {500--525}
},

@article{warth_determinants_1975,
	title = {Determinants of intracellular {pH} in the erythrocyte},
	volume = {29},
	issn = {0007-1048},
	number = {3},
	journal = {British journal of haematology},
	author = {Warth, J and Desforges, J F},
	month = mar,
	year = {1975},
	note = {{PMID:} 34},
	keywords = {Cell Membrane Permeability, Diphosphoglyceric Acids, Erythrocytes, Humans, Hydrogen-Ion Concentration, Membrane Potentials},
	pages = {369--372}
},

@article{yasunari_cesium-137_2011,
	title = {Cesium-137 deposition and contamination of Japanese soils due to the Fukushima nuclear accident},
	url = {http://www.pnas.org/content/early/2011/11/11/1112058108.abstract},
	doi = {10.1073/pnas.1112058108},
	journal = {Proceedings of the National Academy of Sciences},
	author = {Yasunari, Teppei J. and Stohl, Andreas and Hayano, Ryugo S. and Burkhart, John F. and Eckhardt, Sabine and Yasunari, Tetsuzo},
	month = nov,
	year = {2011}
},

@book{turner_atoms_2008,
	address = {Hoboken, {NJ}, {USA}},
	title = {Atoms, Radiation, and Radiation Protection},
	isbn = {9783527616985},
	shorttitle = {Atoms, Radiation, and Radiation Protection},
	url = {http://site.ebrary.com/lib/utennk/docDetail.action?docID=10302125},
	publisher = {Wiley-{VCH}},
	author = {Turner, James E.},
	year = {2008},
	keywords = {Ionizing radiation. Radiation -- Safety measures.}
},

@inproceedings{dietterich_ensemble_2000,
	title = {Ensemble Methods in Machine Learning},
	isbn = {3-540-67704-6},
	booktitle = {Proceedings of the First International Workshop on Multiple Classifier Systems},
	publisher = {Springer-Verlag},
	author = {Dietterich, Thomas G.},
	year = {2000},
	pages = {1--15}
},

@misc{cern_reference_2008,
	title = {Reference Physics Lists},
	url = {http://geant4.cern.ch/support/proc_mod_catalog/physics_lists/referencePL.shtml},
	urldate = {2012-12-01},
	author = {{CERN}},
	month = oct,
	year = {2008},
	howpublished = {{http://geant4.cern.ch/support/proc\_mod\_catalog/physics\_lists/referencePL.shtml}},
	file = {Reference Physics Lists:C:\Users\murffer\AppData\Roaming\Zotero\Zotero\Profiles\xbghceg3.default\zotero\storage\WST4MPX9\referencePL.html:text/html}
},
@misc{SaintGobain_DAM_2012,
	title = {Detector Assembly Materials},
	url = {http://www.detectors.saint-gobain.com/uploadedFiles/SGdetectors/Documents/Product_Data_Sheets/SGC_Detector_Assembly_Materials_Data_Sheet.pdf},
	author = {Saint Gobain},
	month = jun,
	year = {2012},
},
@article{lee_point_2010,
	title = {A point model for the design of a sulfur trioxide decomposer for the {SI} cycle and comparison with a {CFD} model},
	volume = {35},
	issn = {0360-3199},
	url = {http://www.sciencedirect.com/science/article/pii/S0360319910003885},
	doi = {10.1016/j.ijhydene.2010.02.088},
	number = {11},
	journal = {International Journal of Hydrogen Energy},
	author = {Lee, You Ho and Lee, Jeong Ik and No, Hee Cheon},
	month = jun,
	year = {2010},
	keywords = {{CFD} comparison, Design parameter, hydrogen production, Point model, {SI} cycle, {SO3} decomposer},
	pages = {5210--5219}
},

@article{van_erkel_receiver_1998,
	title = {Receiver operating characteristic {(ROC)} analysis: Basic principles and applications in radiology},
	volume = {27},
	issn = {0720-{048X}},
	shorttitle = {Receiver operating characteristic {(ROC)} analysis: Basic principles and applications in radiology},
	url = {http://www.sciencedirect.com/science/article/pii/S0720048X97001575},
	doi = {10.1016/s0720-048x(97)00157-5},
	number = {2},
	journal = {European Journal of Radiology},
	author = {van Erkel, Arian R. and Pattynama, Peter M. Th},
	year = {1998},
	keywords = {Sensitivity Specificity {ROC} analysis Medical decision making Radiology},
	pages = {88--94}
},

@article{gao_thermal_2002,
	title = {Thermal hydraulic calculation of the {HTR-10} for the initial and equilibrium core},
	volume = {218},
	issn = {0029-5493},
	url = {http://www.sciencedirect.com/science/article/pii/S002954930200198X},
	doi = {10.1016/S0029-5493(02)00198-X},
	number = {1‚Äì3},
	journal = {Nuclear Engineering and Design},
	author = {Gao, Zuying and Shi, Lei},
	month = oct,
	year = {2002},
	pages = {51--64}
},

@article{onar_dynamic_2006,
	title = {Dynamic modeling, design and simulation of a wind/fuel cell/ultra-capacitor-based hybrid power generation system},
	volume = {161},
	issn = {0378-7753},
	url = {http://www.sciencedirect.com/science/article/pii/S0378775306006100},
	doi = {doi: 10.1016/j.jpowsour.2006.03.055},
	number = {1},
	journal = {Journal of Power Sources},
	author = {Onar, {O.C.} and Uzunoglu, M. and Alam, {M.S.}},
	month = oct,
	year = {2006},
	keywords = {Dynamic model, Fuel cell, Renewable energy and hybrid power generation, Ultra-capacitor, Wind power},
	pages = {707--722}
},

@article{schmoldt_digitoxin_1975,
	title = {Digitoxin metabolism by rat liver microsomes},
	volume = {24},
	issn = {0006-2952},
	number = {17},
	journal = {Biochemical pharmacology},
	author = {Schmoldt, A and Benthe, H F and Haberland, G},
	month = sep,
	year = {1975},
	note = {{PMID:} 10},
	keywords = {Animals, Chromatography, Thin Layer, Digitoxigenin, Digitoxin, Hydroxylation, Male, Microsomes, Liver, {NADP}, Rats, Time Factors},
	pages = {1639--1641}
},

@misc{_compton_????,
	title = {Compton scattering - Wikipedia, the free encyclopedia},
	url = {http://en.wikipedia.org/wiki/Compton_scattering},
	urldate = {2012-02-20},
	howpublished = {{http://en.wikipedia.org/wiki/Compton\_scattering}},
	file = {Compton scattering - Wikipedia, the free encyclopedia:C:\Users\murffer\AppData\Roaming\Zotero\Zotero\Profiles\xbghceg3.default\zotero\storage\J5UKGX2S\Compton_scattering.html:text/html}
},

@misc{stark_sticigui_????,
	title = {{SticiGui} The Long Run and the Expected Value},
	url = {http://www.stat.berkeley.edu/~stark/SticiGui/Text/expectation.htm},
	urldate = {2012-02-12},
	author = {Stark},
	howpublished = {http://www.stat.berkeley.edu/\{\textasciitilde\}{stark/SticiGui/Text/expectation.htm}},
	file = {SticiGui The Long Run and the Expected Value:C:\Users\murffer\AppData\Roaming\Zotero\Zotero\Profiles\xbghceg3.default\zotero\storage\Z3B2VKSA\expectation.html:text/html}
},

@misc{_14-bis5-phenyl-2-oxazolylbenzene_????,
	title = {1,4-Bis(5-phenyl-2-oxazolyl)benzene {(POPOP)}},
	shorttitle = {Sigma - P3754},
	publisher = {Sigma Aldrich}
},

@article{rahmanian_optimisation_1998,
	title = {Optimisation of light output from zinc sulphide scintillators for fast neutron radiography},
	volume = {139},
	issn = {0168-{583X}},
	shorttitle = {Optimisation of light output from zinc sulphide scintillators for fast neutron radiography},
	url = {http://www.sciencedirect.com/science/article/pii/S0168583X98000524},
	doi = {10.1016/s0168-583x(98)00052-4},
	number = {1-4},
	journal = {Nuclear Instruments and Methods in Physics Research Section B: Beam Interactions with Materials and Atoms},
	author = {Rahmanian, H. and Watterson, J. I. W.},
	year = {1998},
	keywords = {Fast neutron radiography Imaging scintillator {ZnS(Ag)} based scintillator Quantum efficiency Proton recoil Light output},
	pages = {466--470}
},

@article{fawcett_introduction_2006,
	title = {An introduction to {ROC} analysis},
	volume = {27},
	issn = {01678655},
	shorttitle = {An introduction to {ROC} analysis},
	url = {http://www.sciencedirect.com/science/article/pii/S016786550500303X},
	doi = {10.1016/j.patrec.2005.10.010},
	number = {8},
	journal = {Pattern Recognition Letters},
	author = {Fawcett, T.},
	year = {2006},
	pages = {861--874}
},

@article{birks_scintillations_1951,
	title = {Scintillations from Organic Crystals: Specific Fluorescence and Relative Response to Different Radiations},
	volume = {64},
	issn = {0370-1298},
	shorttitle = {Scintillations from Organic Crystals},
	url = {http://stacks.iop.org/0370-1298/64/i=10/a=303?key=crossref.f6127795b0efda6211aab9d5c1b9ae31},
	doi = {10.1088/0370-1298/64/10/303},
	number = {10},
	urldate = {2012-12-02},
	journal = {Proceedings of the Physical Society. Section A},
	author = {Birks, J B},
	month = oct,
	year = {1951},
	pages = {874--877}
},

@article{ambers_hybrid_2011,
	title = {A hybrid pulse shape discrimination technique with enhanced performance at neutron energies below {500keV}},
	volume = {638},
	issn = {01689002},
	shorttitle = {A hybrid pulse shape discrimination technique with enhanced performance at neutron energies below {500keV}},
	doi = {10.1016/j.nima.2011.01.119},
	number = {1},
	journal = {Nuclear Instruments and Methods in Physics Research Section A: Accelerators, Spectrometers, Detectors and Associated Equipment},
	author = {Ambers, Scott D. and Flaska, Marek and Pozzi, Sara A.},
	year = {2011},
	pages = {116--121}
},

@article{zaitseva_plastic_2012,
	title = {Plastic scintillators with efficient neutron/gamma pulse shape discrimination},
	volume = {668},
	issn = {0168-9002},
	url = {http://www.sciencedirect.com/science/article/pii/S0168900211021395},
	doi = {10.1016/j.nima.2011.11.071},
	journal = {Nuclear Instruments and Methods in Physics Research Section A: Accelerators, Spectrometers, Detectors and Associated Equipment},
	author = {Zaitseva, Natalia and Rupert, Benjamin L. and Pawe≈Åczak, Iwona and Glenn, Andrew and Martinez, H. Paul and Carman, Leslie and Faust, Michelle and Cherepy, Nerine and Payne, Stephen},
	month = mar,
	year = {2012},
	keywords = {{DPA}, Neutron detection, Organic scintillator, Plastic scintillator, {PPO}, Pulse shape discrimination},
	pages = {88--93}
},
@article{kouzes_neutron_2010,
	title = {Neutron detection alternatives to {3He} for national security applications},
	volume = {623},
	issn = {0168-9002},
	url = {http://www.sciencedirect.com/science/article/pii/S016890021001795X},
	doi = {10.1016/j.nima.2010.08.021},
	number = {3},
	journal = {Nuclear Instruments and Methods in Physics Research Section A: Accelerators, Spectrometers, Detectors and Associated Equipment},
	author = {Kouzes, Richard T. and Ely, James H. and Erikson, Luke E. and Kernan, Warnick J. and Lintereur, Azaree T. and Siciliano, Edward R. and Stephens, Daniel L. and Stromswold, David C. and Van Ginhoven, Renee M. and Woodring, Mitchell L.},
	month = nov,
	year = {2010},
	keywords = {Helium-3, Homeland security, {MCNP}, National security, Neutron detection, Radiation detection},
	pages = {1035--1045}
},

@article{kouzes_neutron_1999,
	title = {Neutron Detector Gamma Insenstivity Criteria},
	journal = {{PNNL} 18903},
	author = {Kouzes {RT} and Ely, {JH} and Lintereur, {AT} and Stephens, {DL}},
	year = {1999},
},
@article{pnnl_18471,
	title = {Alternative Neutron Detector Technologies for Homeland Security},
	journal = {{PNNL} 18471},
	author = {Van Ginhoven, RM and Kouzes, RT and Stephens, DL},
	year = {1999},
},

@article{pnnl_22228,
	title = {Modeling and Simulation Optimization and Feasibility Studies for the Neutron Detection without Helium-3 Project},
	journal = {{PNNL} 22228},
	author = {Ely,{JH} and Siciliano, {ER} and Swinhoe, {MT} and Lintereur, {AT}},
	year = {2013},
},

@article{pnnl_14283,
	title = {Progress Report on the Advanced Large-Area Plastic Scinttillators (ALPS) Project},
	journal = {{PNNL} 14283},
	author = {Jordan ,{DV} and Geelhood ,{BD} and Reader, {PL} and Stephens Jr ,{DL} and Craig, {RC} and McIntyre, {JI}},
	year = {2003},
},

  @misc{cern_interactions_????,
	title = {Interactions of optical photons},
	urldate = {2012-11-19},
	author = {{CERN}},
	howpublished = {{http://geant4.cern.ch/G4UsersDocuments/UsersGuides/PhysicsReferenceManual/html/node66.html}},
},

@article{kouzes_lithium_2010,
	title = {Lithium and Zinc Sulfide Coated Plastic Neutron Detector Test},
	journal = {{PNNL} 19566},
	author = {Kouzes, {RT} and Ely, {JH}},
	year = {2010}
},

@article{smith_spontaneous_1957,
	title = {Spontaneous Fission Neutron Spectrum of Cf252},
	volume = {108},
	issn = {0031-{899X} 1536-6065},
	shorttitle = {Spontaneous Fission Neutron Spectrum of Cf252},
	doi = {10.1103/PhysRev.108.411},
	number = {2},
	journal = {Physical Review},
	author = {Smith, A. and Fields, P. and Roberts, J.},
	year = {1957},
	pages = {411--413}
},

@misc{_cs-137_????,
	title = {Cs-137 Data Sheet},
	url = {http://www.stanford.edu/dept/EHS/prod/researchlab/radlaser/RSDS_sheets/Cs-137.pdf},
	publisher = {Stanford University {ECH}}
},

@article{agostinelli_geant4simulation_2003,
	title = {Geant4‚Äîa simulation toolkit},
	volume = {506},
	issn = {0168-9002},
	url = {http://www.sciencedirect.com/science/article/pii/S0168900203013688},
	doi = {10.1016/S0168-9002(03)01368-8},
	number = {3},
	journal = {Nuclear Instruments and Methods in Physics Research Section A: Accelerators, Spectrometers, Detectors and Associated Equipment},
	author = {Agostinelli, S. and Allison, J. and Amako, K. and et al.},
	month = jul,
	year = {2003},
	keywords = {Distributed software development, Geometrical modelling, Object-oriented technology, Particle interactions, Simulation, Software engineering},
	pages = {250--303}
},

@misc{eljen_ej_????,
	title = {{EJ} 254},
	shorttitle = {{EJ} 254},
	url = {http://www.eljentechnology.com/index.php?option=com_content&view=article&id=78%3Aej-254&catid=32&Itemid=73},
	author = {Eljen},
	note = {January 10},
	howpublished = {{http://www.eljentechnology.com/index.php?option=com\_content\&view=article\&id=78\%3Aej-254\&catid=32\&Itemid=73}}
},

@misc{_sciencedirect.com_2012,
	title = {{ScienceDirect.com} - Nuclear Instruments and Methods - Pulse shape discrimination},
	url = {http://www.sciencedirect.com/science/article/pii/0029554X64903337#},
	urldate = {2012-11-04},
	year = {2012},
	howpublished = {{http://www.sciencedirect.com/science/article/pii/0029554X64903337\#}},
},


@article{faghihi_neutrons_2006,
	title = {{NEUTRONS} {FLUX} {DISTRIBUTIONS} {OF} {THE} Pu-Be {SOURCE} {AND} {ITS} {SIMULATION} {BY} {THE} {MCNP-4B} {CODE}},
	volume = {15},
	issn = {0218-3013},
	url = {http://www.worldscientific.com/doi/abs/10.1142/S0218301306004545},
	doi = {10.1142/S0218301306004545},
	number = {03},
	journal = {Int. J. Mod. Phys. E},
	author = {{FAGHIHI}, F. and {MEHDIZADEH}, S. and {HADAD}, K.},
	month = apr,
	year = {2006},
	pages = {737--745}
},

@article{kouzes_3he_????,
	title = {{3He} Neutron Detector Pressure Effect and Comparison to Models},
	journal = {{PNNL} 19110},
	author = {Kouzes, {RT} and Ely, {JH} and Lintereur, {AT} and Siciliano, {ER} and Stromswold, {DC} and Woodring, {ML}}
},

@article{william_iii_compendium_2006,
	title = {Compendium of Material Composition Data for Radiation Transport Modeling},
	journal = {{PNNL} 15870},
	author = {William {III}, {R.G.} and Gesh, {C.J} and Pagh, {R.T}},
	month = apr,
	year = {2006}
},

@article{miller_digital_2007,
	title = {Digital pulse shape discrimination},
	volume = {126},
	issn = {0144-8420, 1742-3406},
	url = {http://rpd.oxfordjournals.org/cgi/doi/10.1093/rpd/ncm052},
	doi = {10.1093/rpd/ncm052},
	number = {1-4},
	urldate = {2012-11-04},
	journal = {Radiation Protection Dosimetry},
	author = {Miller, L. F. and Preston, J. and Pozzi, S. and Flaska, M. and Neal, J.},
	month = may,
	year = {2007},
	pages = {253--255},
},

@article{roush_pulse_1964,
	title = {Pulse shape discrimination},
	volume = {31},
	url = {http://www.sciencedirect.com/science/article/pii/0029554X64903337},
	number = {1},
	urldate = {2012-11-04},
	journal = {Nuclear Instruments and Methods},
	author = {Roush, M. L. and Wilson, M. A. and Hornyak, W. F.},
	year = {1964},
	pages = {112‚Äì124},
	file = {1-s2.0-0029554X64903337-main.pdf:C:\Users\murffer\AppData\Roaming\Zotero\Zotero\Profiles\xbghceg3.default\zotero\storage\XFMB4BTB\1-s2.0-0029554X64903337-main.pdf:application/pdf}
},

  @article{kouzes_alternative_2010,
	title = {Alternative Neutron Detection Summary},
	journal = {{PNNL} 19311},
	author = {Kouzes, {RT} and Ely, {JH} and Erikson, {LE} and Kernan, {WJ} and Lintereur, {AT} and Siciliano, {ER} and Stromswold, {DC} and Woodring, {ML}},
	month = apr,
	year = {2010}
},

@inproceedings{connors_zno_2011,
	title = {{ZnO} thermal neutron scintillators designed for high sensitivity and gamma-ray discrimination},
	isbn = {1082-3654},
	doi = {10.1109/NSSMIC.2011.6154103},
	booktitle = {Nuclear Science Symposium and Medical Imaging Conference {(NSS/MIC)}, 2011 {IEEE}},
	author = {Connors, {B.J.} and Summers, {C.J.} and Klein, B. and Burgett, {E.A.} and Hertel, {N.E.}},
	month = oct,
	year = {2011},
	keywords = {{3He} tubes, {6Li-doped} {ZnO} structure, critical material properties, gamma-ray detection, Neutron detection, neutron-to-gamma ray discrimination, scintillation counters, scintillator designs, scintillator neutron detector, structure parameters, thermal neutron detection, {ZnO} thermal neutron scintillators, {ZnO-6LiF-ZnO} structure},
	pages = {1--6}
},

@misc{saint_gobain_lithium_2008,
	title = {Lithium Glass Scintillators},
	url = {http://www.detectors.saint-gobain.com/Lithium-Glass-Scintillator.aspx},
	urldate = {2012-01-26},
	journal = {Glass Scintillator Data Sheet},
	author = {Saint Gobain},
	year = {2008},
	howpublished = {http://www.detectors.saint-{gobain.com/Lithium-Glass-Scintillator.aspx}}
},

@misc{berger_estar_2005,
	address = {Gaithersbrug, {MD}},
	title = {{ESTAR}, {PSTAR} and {ASTAR:} Computer Programs for Calculating Stopping-Power and Range Tables for Electrons, Protons, and Helium Ions},
	url = {http://www.nist.gov/pml/data/star/index.cfm},
	abstract = {The databases {ESTAR}, {PSTAR}, and {ASTAR} calculate stopping-power and range tables for electrons, protons, or helium ions, according to methods described in {ICRU} Reports 37 and 49. Stopping-power and range tables can be calculated for electrons in any user-specified material and for protons and helium ions in 74 materials.},
	publisher = {National Institue of Standards and Technology},
	author = {Berger, {MJ} and Coursey, {JS} and Zucker, {M.A.} and Chang, J.},
	year = {2005}
},

@article{kouzes_detecting_2005,
	title = {Detecting Illicit Nuclear Materials.},
	volume = {93},
	issn = {00030996},
	url = {http://search.ebscohost.com/login.aspx?direct=true&db=pwh&AN=17906429&site=pov-live},
	doi = {Article},
	number = {5},
	journal = {American Scientist},
	author = {Kouzes, Richard T.},
	month = sep,
	year = {2005},
	keywords = {{NUCLEAR} {terrorismDETECTORSRADIATIONGAMMA} rays, {UNITED} States},
	pages = {422}
},

@article{yang_synthesis_2011,
	title = {Synthesis and scintillation properties of {CsGd2Cl7:Ce3+} for gamma ray and neutron detection},
	volume = {656},
	issn = {01689002},
	shorttitle = {Synthesis and scintillation properties of {CsGd2Cl7:Ce3+} for gamma ray and neutron detection},
	doi = {10.1016/j.nima.2011.07.045},
	number = {1},
	journal = {Nuclear Instruments and Methods in Physics Research Section A: Accelerators, Spectrometers, Detectors and Associated Equipment},
	author = {Yang, Kan and Zhuravleva, Mariya and Urffer, Matthew and Miller, Laurence F. and Melcher, Charles L.},
	year = {2011},
	pages = {92--95}
},

@misc{eljen_ej-426_2012,
	title = {{EJ-426}},
	url = {http://www.eljentechnology.com/index.php/joomla-overview/neutron-detectors/113-ej-426},
	urldate = {2012-11-28},
	journal = {{EJ-426} Data Sheet},
	author = {Eljen},
	month = jun,
	year = {2012},
	howpublished = {http://www.eljentechnology.com/index.php/joomla-overview/neutron-detectors/113-ej-426},
	file = {EJ-426:C:\Users\murffer\AppData\Roaming\Zotero\Zotero\Profiles\xbghceg3.default\zotero\storage\VV7E27KB\113-ej-426.html:text/html}
},

@article{kouzes_bf3_2009,
	title = {{BF3} Neutron Detector Test},
	journal = {{PNNL} 19050},
	author = {Kouzes, {RT} and Ely, {JH} and Lintereur, {AT} and Siciliano, {ER} and Woodring, {ML}},
	year = {2009}
},

@article{carel_w.e_inorganic_????,
	title = {Inorganic scintillators for thermal neutron detection},
	volume = {38},
	issn = {1350-4487},
	shorttitle = {Inorganic scintillators for thermal neutron detection},
	url = {http://www.sciencedirect.com/science/article/pii/S1350448704000538},
	doi = {10.1016/j.radmeas.2004.02.004},
	number = {4-6},
	journal = {Radiation Measurements},
	author = {Carel {W.E}, van Eijk},
	keywords = {Inorganic scintillator Thermal-neutron detection},
	pages = {337--342}
},

@misc{geant4_collaboration_geant4_2011,
	title = {Geant4 User's Guide for Application Developers},
	urldate = {2012-03-18},
	author = {Geant4 Collaboration},
	month = dec,
	year = {2011},
	note = {Version geant4 9.5.0},
	howpublished = {{http://geant4.web.cern.ch/geant4/UserDocumentation/UsersGuides/ForApplicationDeveloper/html/index.html}},
	file = {Geant4 User's Guide for Application Developers:C:\Users\murffer\AppData\Roaming\Zotero\Zotero\Profiles\xbghceg3.default\zotero\storage\R9FP93IW\index.html:text/html}
},

@article{turner_comparative_1982,
	title = {Comparative Study of Electron Energy Deposition and Yields in Water in the Liquid and Vapor Phases},
	volume = {92},
	copyright = {Copyright ¬© 1982 Radiation Research Society},
	issn = {00337587},
	url = {http://www.jstor.org/stable/3575843},
	doi = {10.2307/3575843},
	number = {1},
	journal = {Radiation Research},
	author = {Turner, J. E. and Paretzke, H. G. and Hamm, R. N. and Wright, H. A. and Ritchie, R. H.},
	month = oct,
	year = {1982},
	note = {{ArticleType:} research-article / Full publication date: Oct., 1982 / Copyright ¬© 1982 Radiation Research Society},
	pages = {47--60}
},

@book{tsoulfanidis_measurment_????,
	title = {Measurment and Detection of Radiation},
	publisher = {Taylor and Francis},
	author = {Tsoulfanidis, Nicholas}
},

@misc{_25-diphenyloxazole_????,
	title = {2,5-Diphenyloxazole {(PPO)}},
	shorttitle = {{MSDS} D210404},
	publisher = {Sigma Aldrich}
},


@misc{eljen_ej_????-1,
	title = {{EJ} - 426 Thermal Neutron Detector},
	shorttitle = {{EJ} - 426 Thermal Neutron Detector},
	url = {http://www.eljentechnology.com/index.php?option=com_content&view=article&id=113%3Aej-426&catid=18&Itemid=57},
	author = {Eljen},
	note = {December 13},
	howpublished = {{http://www.eljentechnology.com/index.php?option=com\_content\&view=article\&id=113\%3Aej-426\&catid=18\&Itemid=57}}
},

@article{allison_geant4_2006,
	title = {Geant4 developments and applications},
	volume = {53},
	issn = {0018-9499},
	doi = {10.1109/TNS.2006.869826},
	abstract = {Geant4 is a software toolkit for the simulation of the passage of particles through matter. It is used by a large number of experiments and projects in a variety of application domains, including high energy physics, astrophysics and space science, medical physics and radiation protection. Its functionality and modeling capabilities continue to be extended, while its performance is enhanced. An overview of recent developments in diverse areas of the toolkit is presented. These include performance optimization for complex setups; improvements for the propagation in fields; new options for event biasing; and additions and improvements in geometry, physics processes and interactive capabilities},
	number = {1},
	journal = {Nuclear Science, {IEEE} Transactions on},
	author = {Allison, J. and Amako, K. and Apostolakis, J. and et al.},
	month = feb,
	year = {2006},
	keywords = {astrophysics, Geant4, high energy physics, performance optimization, physics computing, space science},
	pages = {270--278}
},

@article{pelowitz_mcnpx_2006,
	title = {{MCNPX} User's Manual 2.6.0},
	volume = {{LA-CP-07-1473}},
	journal = {Los Alamos National Laboratory.},
	author = {Pelowitz, {D.B.}},
  year = {2006}
},

@article{nndc_cross_2013,
	title = {Cross Section Evaluation Working Group {(ENDF/B-VII)}},
	url = {http://www.nndc.bnl.gov/sigma/},
	journal = {National Nuclear Data Center}
},


@misc{cpb_typical_2012,
	type = {Goverment},
	title = {On a Typical Day in Fiscal Year 2011 {CBP}},
	url = {http://www.cbp.gov/xp/cgov/about/},
	journal = {{CBP} About},
	author = {{CPB}},
	year = {2012},
	howpublished = {http://www.cbp.gov/xp/cgov/about/}
},


@misc{cern_physics_2012,
	title = {Physics Lists {EM} constructors in Geant4 9.3},
	urldate = {2012-12-01},
	author = {{CERN}},
	month = feb,
	year = {2012},
	howpublished = {http://geant4.cern.ch/geant4/collaboration/working\_groups/electromagnetic/physlist9.3.shtml},
	file = {Physics Lists EM constructors in Geant4 9.3:C:\Users\murffer\AppData\Roaming\Zotero\Zotero\Profiles\xbghceg3.default\zotero\storage\S8IWC3Q2\physlist9.3.html:text/html}
},

@article{gamage_comparison_2011,
	title = {A comparison of four different digital algorithms for pulse-shape discrimination in fast scintillators},
	volume = {642},
	issn = {0168-9002},
	url = {http://www.sciencedirect.com/science/article/pii/S0168900211007078},
	doi = {10.1016/j.nima.2011.03.065},
	number = {1},
	journal = {Nuclear Instruments and Methods in Physics Research Section A: Accelerators, Spectrometers, Detectors and Associated Equipment},
	author = {Gamage, {K.A.A.} and Joyce, {M.J.} and Hawkes, {N.P.}},
	month = jun,
	year = {2011},
	keywords = {Bespoke fast digitiser, Digital pulse-shape discrimination, Liquid scintillator, Mixed radiation field, Œ≥  ‚Äê  neutron   ratio},
	pages = {78--83}
},

@article{swiderski_comparison_2010,
	title = {Comparison of Neutron Detection Efficiency of a He-3 Counter and a Boron-10 Loaded Liquid Scintillator},
	volume = {57},
	issn = {0018-9499, 1558-1578},
	url = {http://ieeexplore.ieee.org/lpdocs/epic03/wrapper.htm?arnumber=5603461},
	doi = {10.1109/TNS.2010.2064790},
	number = {5},
	urldate = {2012-02-02},
	journal = {{IEEE} Transactions on Nuclear Science},
	author = {Swiderski, Lukasz and Moszynski, Marek and Wolski, Dariusz and Iwanowska, Joanna and Szczesniak, Tomasz and Pausch, Guntram and Plettner, Cristina and Stein, Juergen and Schotanus, Paul and Hurlbut, Chuck and Szabelski, Jacek},
	month = oct,
	year = {2010},
	pages = {2857--2861}
},

@article{Zetterstr√∂m1966277,
title = "Multiple scattering of fast neutrons in 6Li-glass scintillators ",
journal = "Nuclear Instruments and Methods ",
volume = "42",
number = "2",
pages = "277 - 282",
year = "1966",
note = "",
issn = "0029-554X",
doi = "10.1016/0029-554X(66)90200-X",
url = "http://www.sciencedirect.com/science/article/pii/0029554X6690200X",
author = "H.-O. Zetterstr√∂m and S. Schwarz and L.G. Str√∂mberg"
}

@article{Kasarova20071481,
title = "Analysis of the dispersion of optical plastic materials ",
journal = "Optical Materials ",
volume = "29",
number = "11",
pages = "1481 - 1490",
year = "2007",
note = "",
issn = "0925-3467",
doi = "http://dx.doi.org/10.1016/j.optmat.2006.07.010",
url = "http://www.sciencedirect.com/science/article/pii/S0925346706002473",
author = "Stefka Nikolova Kasarova and Nina Georgieva Sultanova and Christo Dimitrov Ivanov and Ivan Dechev Nikolov"
},
@ARTICLE{5485130, 
author={Janecek, M. and Moses, William W.}, 
journal={Nuclear Science, IEEE Transactions on}, 
title={Simulating Scintillator Light Collection Using Measured Optical Reflectance}, 
year={2010}, 
volume={57}, 
number={3}, 
pages={964-970}, 
abstract={ To accurately predict the light collection from a scintillating crystal through Monte Carlo simulations, it is crucial to know the angular distribution from the surface reflectance. Current Monte Carlo codes allow the user to set the optical reflectance to a linear combination of backscatter spike, specular spike, specular lobe, and Lambertian reflections. However, not all light distributions can be expressed in this way. In addition, the user seldom has the detailed knowledge about the surfaces that is required for accurate modeling. We have previously measured the angular distributions within BGO crystals and now incorporate these data as look-up-tables (LUTs) into modified Geant4 and GATE Monte Carlo codes. The modified codes allow the user to specify the surface treatment (ground, etched, or polished), the attached reflector (Lumirror®, Teflon®, ESR film, Tyvek®, or TiO paint), and the bonding type (air-coupled or glued). Each LUT consists of measured angular distributions with 4$^{circ}$ by 5$^{circ}$ resolution in theta and phi, respectively, for incidence angles from 0$^{circ}$ to 90$^{circ}$ degrees, in 1$^{circ}$-steps. We compared the new codes to the original codes by running simulations with a $3times 10times 30 {rm mm}^{3}$ BGO crystal coupled to a PMT. The simulations were then compared to measurements. Light output was measured by counting the photons detected by the PMT with the 3 $times$ 10, 3 $time- - s$ 30, or $10times 30 {rm mm}^{2}$ side coupled to the PMT, respectively. Our new code shows better agreement with the measured data than the current Geant4 code. The new code can also simulate reflector materials that are not pure specular or Lambertian reflectors, as was previously required. Our code is also more user friendly, as no detailed knowledge about the surfaces or light distributions is required from the user. }, 
keywords={Backscatter;Brain modeling;Crystals;Monte Carlo methods;Optical films;Optical reflection;Predictive models;Reflectivity;Surface treatment;Table lookup;Lambertian reflection;Monte Carlo methods;light collection}, 
doi={10.1109/TNS.2010.2042731}, 
ISSN={0018-9499},}
@article{Argyriades201120,
title = "Spectral modeling of scintillator for the NEMO-3 and SuperNEMO detectors ",
journal = "Nuclear Instruments and Methods in Physics Research Section A: Accelerators, Spectrometers, Detectors and Associated Equipment ",
volume = "625",
number = "1",
pages = "20 - 28",
year = "2011",
note = "",
issn = "0168-9002",
doi = "http://dx.doi.org/10.1016/j.nima.2010.09.027",
url = "http://www.sciencedirect.com/science/article/pii/S0168900210020206",
author = "J. Argyriades and R. Arnold and C. Augier and J. Baker and A.S. Barabash and M. Bongrand and G. Broudin-Bay and V.B. Brudanin and A.J. Caffrey and S. Cebri√°n and A. Chapon and E. Chauveau and Th. Dafni and Z. Daraktchieva and J. D√≠az and D. Durand and V.G. Egorov and J.J. Evans and N. Fatemi-Ghomi and R. Flack and A. Basharina-Freshville and K.-I. Fushimi and X. Garrido and H. G√≥mez and B. Guillon and A. Holin and K. Hol√Ω and J.J. Horkley and Ph. Hubert and C. Hugon and F.J. Iguaz and I.G. Irastorza and N. Ishihara and C.M. Jackson and S. Jullian and S. Kanamaru and M. Kauer and O.I. Kochetov and S.I. Konovalov and V.E. Kovalenko and D. Lalanne and K. Lang and Y. Lemi√®re and G. Lutter and G. Luz√≥n and F. Mamedov and Ch. Marquet and J. Martin-Albo and F. Mauger and F. Monrabal and A. Nachab and I. Nasteva and I.B. Nemchenok and C.H. Nguyen and F. Nova and P. Novella and H. Ohsumi and R.B. Pahlka and F. Perrot and F. Piquemal and P.P. Povinec and B. Richards and J.S. Ricol and C.L. Riddle and A. Rodriguez and R. Saakyan and X. Sarazin and J.K. Sedgbeer and L. Serra and L. Simard and F. ≈†imkovic and Yu.A. Shitov and A.A. Smolnikov and S. S√∂ldner-Rembold and I. ≈†tekl and Y. Sugaya and C.S. Sutton and G. Szklarz and Y. Tamagawa and J. Thomas and R. Thompson and V.V. Timkin and V.I. Tretyak and Vl.I. Tretyak and V.I. Umatov and L. V√°la and I.A. Vanyushin and R. Vasiliev and V. Vorobel and Ts. Vylov and D. Waters and N. Yahlali and A. ≈Ωukauskas",
keywords = {Scintillation,Photomultiplier,Plastic scintillators,Optical photon transport,},},

@ARTICLE{Sen_Composites, 
author={Sen, I. and Urffer, M. and Penumadu, D. and Young, S.A. and Miller, L.F. and Mabe, A.N.}, 
journal={Nuclear Science, IEEE Transactions on}, 
title={Polyester Composite Thermal Neutron Scintillation Films}, 
year={2012}, 
volume={59}, 
number={4}, 
pages={1781-1786}, 
keywords={Crystals;Detectors;Glass;Lithium;Neutrons;Photonics;Polymers;Lithium fluoride;neutron detectors;neutron-gamma discrimination;polymeric composites;scintillation materials}, 
doi={10.1109/TNS.2012.2201503}, 
ISSN={0018-9499},},
@article{Mabe201329,
title = "Transparent lithiated polymer films for thermal neutron detection ",
journal = "Nuclear Instruments and Methods in Physics Research Section A: Accelerators, Spectrometers, Detectors and Associated Equipment ",
volume = "722",
number = "0",
pages = "29 - 33",
year = "2013",
note = "",
issn = "0168-9002",
doi = "http://dx.doi.org/10.1016/j.nima.2013.04.040",
url = "http://www.sciencedirect.com/science/article/pii/S0168900213004610",
author = "Andrew N. Mabe and John D. Auxier II and Matthew J. Urffer and Dayakar Penumadu and George K. Schweitzer and Laurence F. Miller",
},
@article{Zwinkels_1990, 
author = {Joanne C. Zwinkels and W. F. Davidson and C. X. Dodd}, 
journal = {Appl. Opt.}, 
keywords = {},
number = {22}, 
pages = {3240--3248}, 
publisher = {OSA},
title = {Optical properties of UV transmitting acrylics for use in a heavy water Cerenkov detector}, 
volume = {29}, 
month = {Aug},
year = {1990},
url = {http://ao.osa.org/abstract.cfm?URI=ao-29-22-3240},
doi = {10.1364/AO.29.003240},
abstract = {The absorption, refraction, and scattering properties of several UV transmitting acrylics have been investigated over the wavelength range 300--700 nm using a combination of near-normal incidence regular transmittance and reflectance and diffuse-only reflectance measurements, followed by a Fresnel and a Kubelka-Munk analysis. The samples were evaluated in the as-cast and thermoformed forms, and both before and after an accelerated aging procedure. The results show significant differences in the optical behavior of the various acrylics in the UV region and stress the importance of carefully characterizing acrylic from different sources for each intended use. In our case, acrylic is the proposed material for a heavy water containment vessel for the detection of solar neutrinos. The significance of our findings to the overall performance of this Cerenkov detector, known as the Sudbury neutrino observatory detector, is discussed.},
},

@book{Mitchell_1997,
   author = {Mitchell, Thomas M.},
    title = {Machine Learning},
     year = {1997},
      isbn = {0070428077, 9780070428072},
       edition = {1},
        publisher = {McGraw-Hill, Inc.},
         address = {New York, NY, USA},
},
@article{Verbinski_1968,
  title = "Calibration of an organic scintillator for neutron spectrometry ",
  journal = "Nuclear Instruments and Methods ",
  volume = "65",
  number = "1",
  pages = "8 - 25",
  year = "1968",
  note = "",
  issn = "0029-554X",
  doi = "http://dx.doi.org/10.1016/0029-554X(68)90003-7",
  url = "http://www.sciencedirect.com/science/article/pii/0029554X68900037",
  author = "V.V. Verbinski and W.R. Burrus and T.A. Love and W. Zobel and N.W. Hill and R. Textor"
},
@article{Avdeichikov_2000,
title = "Range‚Äìenergy relation, range straggling and response function of CsI(Tl), \{BGO\} and GSO(Ce) scintillators for light ions ",
journal = "Nuclear Instruments and Methods in Physics Research Section A: Accelerators, Spectrometers, Detectors and Associated Equipment ",
volume = "439",
number = "1",
pages = "158 - 166",
year = "2000",
note = "",
issn = "0168-9002",
doi = "http://dx.doi.org/10.1016/S0168-9002(99)00944-4",
url = "http://www.sciencedirect.com/science/article/pii/S0168900299009444",
author = "V. Avdeichikov and A.S. Fomichev and B. Jakobsson and A.M. Rodin and G.M. Ter-Akopian",
keywords = "Inorganic scintillators",
keywords = "Light ions",
keywords = "Range and straggling "
},
@article{Tretyak_2010,
title = "Semi-empirical calculation of quenching factors for ions in scintillators ",
journal = "Astroparticle Physics ",
volume = "33",
number = "1",
pages = "40 - 53",
year = "2010",
note = "",
issn = "0927-6505",
doi = "http://dx.doi.org/10.1016/j.astropartphys.2009.11.002",
url = "http://www.sciencedirect.com/science/article/pii/S0927650509001650",
author = "V.I. Tretyak",
keywords = "Scintillators",
keywords = "Quenching factor",
keywords = "Œ± / Œ≤ ratio",
keywords = "Dark matter "
}

